@misc{
    García-Ramos2023,
    doi = {10.48550/ARXIV.2307.07332},
    author = {J. E. García-Ramos and A. Sáiz and J. M. Arias and L. Lamata and P. Pérez-Fernández},
    title = {Nuclear Physics in the Era of Quantum Computing and Quantum Machine Learning},
    publisher = {arXiv},
    year = {2023},
    copyright = {Creative Commons Attribution 4.0 International}
}

@article{
    Dumitrescu2018,
    doi = {10.1103/physrevlett.120.210501},
    year = {2018},
    month = may,
    publisher = {American Physical Society ({APS})},
    volume = {120},
    number = {21},
    author = {E. F. Dumitrescu and A. J. McCaskey and G. Hagen and G. R. Jansen and T. D. Morris and T. Papenbrock and R. C. Pooser and D. J. Dean and P. Lougovski},
    title = {Cloud Quantum Computing of an Atomic Nucleus},
    journal = {Physical Review Letters}
}

@article{
    Melnikov2018,
    doi = {10.1073/pnas.1714936115},
    year = {2018},
    month = jan,
    publisher = {Proceedings of the National Academy of Sciences},
    volume = {115},
    number = {6},
    pages = {1221--1226},
    author = {Alexey A. Melnikov and Hendrik Poulsen Nautrup and Mario Krenn and Vedran Dunjko and Markus Tiersch and Anton Zeilinger and Hans J. Briegel},
    title = {Active learning machine learns to create new quantum experiments},
    journal = {Proceedings of the National Academy of Sciences}
}

@article{
    Hädrich2020,
    doi = {10.1145/3414685.3417801},
    year = {2020},
    month = nov,
    publisher = {Association for Computing Machinery ({ACM})},
    volume = {39},
    number = {6},
    pages = {1--16},
    author = {Torsten H\"{a}drich and Mi{\l}osz Makowski and Wojtek Pa{\l}ubicki and Daniel T. Banuti and S\"{o}ren Pirk and Dominik L. Michels},
    title = {Stormscapes: simulating cloud dynamics in the now},
    journal = {{ACM} Transactions on Graphics}
}

@article{
    Xiao2019,
    doi = {10.1038/s41578-019-0157-5},
    year = {2019},
    month = dec,
    publisher = {Springer Science and Business Media {LLC}},
    volume = {5},
    number = {2},
    pages = {105--126},
    author = {Yihan Xiao and Yan Wang and Shou-Hang Bo and Jae Chul Kim and Lincoln J. Miara and Gerbrand Ceder},
    title = {Understanding interface stability in solid-state batteries},
    journal = {Nature Reviews Materials}
}

@article{
    PantisSimut2023,
    doi = {10.1088/2632-2153/acd6d8},
    year = {2023},
    month = may,
    publisher = {{IOP} Publishing},
    volume = {4},
    number = {2},
    pages = {025023},
    author = {Calin-Andrei Pantis-Simut and Amanda Teodora Preda and Lucian Ion and Andrei Manolescu and George Alexandru Nemnes},
    title = {Mapping confinement potentials and charge densities of interacting quantum systems using conditional generative adversarial networks},
    journal = {Machine Learning: Science and Technology}
}

@article{
    Li2023,
    doi = {10.1088/1674-1137/aca5f5},
    year = {2023},
    month = mar,
    publisher = {{IOP} Publishing},
    volume = {47},
    number = {3},
    pages = {034101},
    author = {Xiaobing Li and Ranran Guo and Yu Zhou and Kangning Liu and Jia Zhao and Fen Long and Yuanfang Wu and Zhiming Li},
    title = {Machine learning phase transitions of the three-dimensional Ising universality class},
    journal = {Chinese Physics C}
}

@book{
    Fernndez2023,
    doi = {10.1201/9781003385950},
    year = {2023},
    month = jun,
    publisher = {{Chapman and Hall}/{CRC}},
    author = {Ariel Fern{\'{a}}ndez},
    title = {Artificial Intelligence on Dark Matter and Dark Energy}
}

@article{
    Jumper2021,
    doi = {10.1038/s41586-021-03819-2},
    year = {2021},
    month = jul,
    publisher = {Springer Science and Business Media {LLC}},
    volume = {596},
    number = {7873},
    pages = {583--589},
    author = {John Jumper and Richard Evans and Alexander Pritzel and Tim Green and Michael Figurnov and Olaf Ronneberger and Kathryn Tunyasuvunakool and Russ Bates and Augustin {\v{Z}}{\'{\i}}dek and Anna Potapenko and Alex Bridgland and Clemens Meyer and Simon A. A. Kohl and Andrew J. Ballard and Andrew Cowie and Bernardino Romera-Paredes and Stanislav Nikolov and Rishub Jain and Jonas Adler and Trevor Back and Stig Petersen and David Reiman and Ellen Clancy and Michal Zielinski and Martin Steinegger and Michalina Pacholska and Tamas Berghammer and Sebastian Bodenstein and David Silver and Oriol Vinyals and Andrew W. Senior and Koray Kavukcuoglu and Pushmeet Kohli and Demis Hassabis},
    title = {Highly accurate protein structure prediction with {AlphaFold}},
    journal = {Nature}
}

@article{
    Gibson2021,
    doi = {10.1038/s43247-021-00225-4},
    year = {2021},
    month = aug,
    publisher = {Springer Science and Business Media {LLC}},
    volume = {2},
    number = {1},
    author = {Peter B. Gibson and William E. Chapman and Alphan Altinok and Luca Delle Monache and Michael J. DeFlorio and Duane E. Waliser},
    title = {Training machine learning models on climate model output yields skillful interpretable seasonal precipitation forecasts},
    journal = {Communications Earth \& Environment}
}