@article{
    Estrada2023,
    doi = {10.1007/s10699-023-09917-w},
    year = {2023},
    month = may,
    publisher = {Springer Science and Business Media {LLC}},
    author = {Ernesto Estrada},
    title = {What is a Complex System,  After All?},
    journal = {Foundations of Science}
}

@book{
    Bar-Yam2019,
    doi = {10.1201/9780429034961},
    year = {2019},
    month = mar,
    publisher = {{CRC} Press},
    author = {Yaneer Bar-yam},
    title = {Dynamics Of Complex Systems}
}

@article{
    PantisSimut2023,
    doi = {10.1088/2632-2153/acd6d8},
    year = {2023},
    month = may,
    publisher = {{IOP} Publishing},
    volume = {4},
    number = {2},
    pages = {025023},
    author = {Calin-Andrei Pantis-Simut and Amanda Teodora Preda and Lucian Ion and Andrei Manolescu and George Alexandru Nemnes},
    title = {Mapping confinement potentials and charge densities of interacting quantum systems using conditional generative adversarial networks},
    journal = {Machine Learning: Science and Technology}
}

@article{
    Dumitrescu2018,
    doi = {10.1103/physrevlett.120.210501},
    year = {2018},
    month = may,
    publisher = {American Physical Society ({APS})},
    volume = {120},
    number = {21},
    author = {E. F. Dumitrescu and A. J. McCaskey and G. Hagen and G. R. Jansen and T. D. Morris and T. Papenbrock and R. C. Pooser and D. J. Dean and P. Lougovski},
    title = {Cloud Quantum Computing of an Atomic Nucleus},
    journal = {Physical Review Letters}
}

@article{
    Melnikov2018,
    doi = {10.1073/pnas.1714936115},
    year = {2018},
    month = jan,
    publisher = {Proceedings of the National Academy of Sciences},
    volume = {115},
    number = {6},
    pages = {1221--1226},
    author = {Alexey A. Melnikov and Hendrik Poulsen Nautrup and Mario Krenn and Vedran Dunjko and Markus Tiersch and Anton Zeilinger and Hans J. Briegel},
    title = {Active learning machine learns to create new quantum experiments},
    journal = {Proceedings of the National Academy of Sciences}
}

@book{
    Fernndez2023,
    doi = {10.1201/9781003385950},
    year = {2023},
    month = jun,
    publisher = {{Chapman and Hall}/{CRC}},
    author = {Ariel Fern{\'{a}}ndez},
    title = {Artificial Intelligence on Dark Matter and Dark Energy}
}

@article{
    Jumper2021,
    doi = {10.1038/s41586-021-03819-2},
    year = {2021},
    month = jul,
    publisher = {Springer Science and Business Media {LLC}},
    volume = {596},
    number = {7873},
    pages = {583--589},
    author = {John Jumper and Richard Evans and Alexander Pritzel and Tim Green and Michael Figurnov and Olaf Ronneberger and Kathryn Tunyasuvunakool and Russ Bates and Augustin {\v{Z}}{\'{\i}}dek and Anna Potapenko and Alex Bridgland and Clemens Meyer and Simon A. A. Kohl and Andrew J. Ballard and Andrew Cowie and Bernardino Romera-Paredes and Stanislav Nikolov and Rishub Jain and Jonas Adler and Trevor Back and Stig Petersen and David Reiman and Ellen Clancy and Michal Zielinski and Martin Steinegger and Michalina Pacholska and Tamas Berghammer and Sebastian Bodenstein and David Silver and Oriol Vinyals and Andrew W. Senior and Koray Kavukcuoglu and Pushmeet Kohli and Demis Hassabis},
    title = {Highly accurate protein structure prediction with {AlphaFold}},
    journal = {Nature}
}

@article{
    Cheng2023,
    doi = {10.1126/science.adg7492},
    year = {2023},
    month = sep,
    publisher = {American Association for the Advancement of Science ({AAAS})},
    author = {Jun Cheng and Guido Novati and Joshua Pan and Clare Bycroft and Akvil{\.{e}} {\v{Z}}emgulyt{\.{e}} and Taylor Applebaum and Alexander Pritzel and Lai Hong Wong and Michal Zielinski and Tobias Sargeant and Rosalia G. Schneider and Andrew W. Senior and John Jumper and Demis Hassabis and Pushmeet Kohli and {\v{Z}}iga Avsec},
    title = {Accurate proteome-wide missense variant effect prediction with {AlphaMissense}},
    journal = {Science}
}

@article{
    Xiao2019,
    doi = {10.1038/s41578-019-0157-5},
    year = {2019},
    month = dec,
    publisher = {Springer Science and Business Media {LLC}},
    volume = {5},
    number = {2},
    pages = {105--126},
    author = {Yihan Xiao and Yan Wang and Shou-Hang Bo and Jae Chul Kim and Lincoln J. Miara and Gerbrand Ceder},
    title = {Understanding interface stability in solid-state batteries},
    journal = {Nature Reviews Materials}
}

@article{
    NguyenThanh2021,
    doi = {10.1016/j.cma.2021.114096},
    year = {2021},
    month = dec,
    publisher = {Elsevier {BV}},
    volume = {386},
    pages = {114096},
    author = {Vien Minh Nguyen-Thanh and Cosmin Anitescu and Naif Alajlan and Timon Rabczuk and Xiaoying Zhuang},
    title = {Parametric deep energy approach for elasticity accounting for strain gradient effects},
    journal = {Computer Methods in Applied Mechanics and Engineering}
}

@article{
    Baran2005,
    doi = {10.1016/j.physrep.2004.12.004},
    year = {2005},
    month = may,
    publisher = {Elsevier {BV}},
    volume = {410},
    number = {5-6},
    pages = {335--466},
    author = {V. BÄƒran and M. Colonna and V. Greco and M. Ditoro},
    title = {Reaction dynamics with exotic nuclei},
    journal = {Physics Reports}
}